@article{ref0,
 DOI = " 10.1039/C4EE03132F"
}