@article{n,
 author = "KENTO MASUMURA",
 title = "Photorefractive dynamics in
poly(triarylamine)-based polymer composite:
an approach utilizing a second electron trap
to reduce the photoconductivity",
 year = "2018",
 DOI = "https://doi.org/10.1364/OME.8.000401"
}