@article{alpha,
 unformatted = "C. Stelling, C. R. Singh, M. Karg, T. A. F. König, M. Thelakkat, M. Retsch. Plasmonic nanomeshes: their ambivalent role as transparent electrodes in organic solar cells, <a href="https://doi.org/10.1038/srep42530"><i>Sci. Rep.</i> <b>7</b>, 42530 (2017)</a> - see <i>Supplementary materials</i><br>(Numerical data kindly provided by Tobias König)"
}

@article{n,
 unformatted = "C. Stelling, C. R. Singh, M. Karg, T. A. F. König, M. Thelakkat, M. Retsch. Plasmonic nanomeshes: their ambivalent role as transparent electrodes in organic solar cells, <a href="https://doi.org/10.1038/srep42530"><i>Sci. Rep.</i> <b>7</b>, 42530 (2017)</a> - see <i>Supplementary materials</i><br>(Numerical data kindly provided by Tobias König)"
}