@article{alpha,
 url = "https://www.researchgate.net/profile/Mariano_Campoy-Quiles",
 journal = "ACS Nano",
 volume = "7",
 pages = "4637",
 year = "2013"
}

@article{n,
 url = "https://www.researchgate.net/profile/Mariano_Campoy-Quiles",
 journal = "ACS Nano",
 volume = "7",
 pages = "4637",
 year = "2013"
}