@article{lang,
    author =       "Dimitris Tsikritzis",
    year =         "2021",
}
