@@article{alpha,
 DOI = "10.1364/OE.21.029558"
}

@article{n,
 DOI = "10.1364/OE.21.029558"
}