@@article{alpha,
 author = "Sadao Adachi, Toshifumi Kimura, and Norihiro Suzuki",
 title = "S. Adachi, T. Kimura, N. Suzuki. Optical properties of CdTe: Experiment and modeling",
 volume = "74",
 pages = "3435",
 year = "1993",
 DOI = "10.1063/1.354543",
 unformatted = "https://github.com/polyanskiy/refractiveindex.info-scripts/blob/master/scripts/Adachi%201993%20-%20CdTe.py"
}

@@article{n,
 unformatted = "S. Adachi, T. Kimura, N. Suzuki. Optical properties of CdTe: Experiment and modeling, <a href="https://doi.org/10.1063/1.354543"><i>J. Appl. Phys.</i> <b>74</b>, 3435-3441 (1993)</a><br>[<a href="https://github.com/polyanskiy/refractiveindex.info-scripts/blob/master/scripts/Adachi%201993%20-%20CdTe.py">Calculation script (Python)</a>]"
}