@book{FDTD_Schneider,
  author={Schneider, John},
  title={Understanding the Finite-Difference Time-Domain Method},
  url={www.eecs.wsu.edu/~schneidj/ufdtd},
  year={2010}
}

@article{calado2016evidence,
  title={Evidence for ion migration in hybrid perovskite solar cells with minimal hysteresis},
  author={Calado, Philip and Telford, Andrew M and Bryant, Daniel and Li, Xiaoe and Nelson, Jenny and O’Regan, Brian C and Barnes, Piers RF},
  journal={Nature communications},
  volume={7},
  number={1},
  pages={1--10},
  year={2016},
  publisher={Nature Publishing Group}
}

  	
@article{0953-8984-25-21-215301,
  author={Tianrong Zhan and Xi Shi and Yunyun Dai and Xiaohan Liu and Jian Zi},
  title={Transfer matrix method for optics in graphene layers},
  journal={Journal of Physics: Condensed Matter},
  volume={25},
  number={21},
  pages={215301},
  url={http://stacks.iop.org/0953-8984/25/i=21/a=215301},
  year={2013},
  abstract={A transfer matrix method is developed for optical calculations of non-interacting graphene layers. Within the framework of this method, optical properties such as reflection, transmission and absorption for single-, double- and multi-layer graphene are studied. We also apply the method to structures consisting of periodically arranged graphene layers, revealing well-defined photonic band structures and even photonic bandgaps. Finally, we discuss graphene plasmons and introduce a simple way to tune the plasmon dispersion.}
}

@article{mackenzie2013interpreting,
  title={Interpreting the density of states extracted from organic solar cells using transient photocurrent measurements},
  author={MacKenzie, Roderick CI and Shuttle, Chris G and Dibb, George F and Treat, Neil and von Hauff, Elizabeth and Robb, Maxwell J and Hawker, Craig J and Chabinyc, Michael L and Nelson, Jenny},
  journal={The Journal of Physical Chemistry C},
  volume={117},
  number={24},
  pages={12407--12414},
  year={2013},
  publisher={American Chemical Society}
}


@article{10.1063/1.1534621,
   author = "Peumans, Peter and Yakimov, Aharon and Forrest, Stephen R.",
   title = "Small molecular weight organic thin-film photodetectors and solar cells",
   journal = "Journal of Applied Physics",
   year = "2003",
   volume = "93",
   number = "7", 
   pages = "3693-3723",
   url = "http://scitation.aip.org/content/aip/journal/jap/93/7/10.1063/1.1534621",
   doi = "http://dx.doi.org/10.1063/1.1534621" 
}

﻿@Dissertation{Summon-FETCH-bonn_catalog_45326403,
title = {Quantifying the impact of inhomogeneity, transport and recombination in emerging thin-film solar cells},
series = {Schriften des Forschungszentrums Jülich. Reihe Energie & Umwelt ; Band/volume 481},
author = {Kaienburg, Pascal}, 
institution = {Universität Duisburg-Essen ¬[Grad-verleihende Institution]},
address = {Jülich},
publisher = {Forschungszentrum Jülich GmbH, Zentralbibliothek, Verlag},
year = {2019},
keywords ={Hochschulschrift, Dissertation},
isbn ={9783958064409, 395806440X},
url = {https://nbn-resolving.de/urn:nbn:de:hbz:5:2-212044},
}

@article{PhysRevApplied.6.024001,
  title = {Extracting Information about the Electronic Quality of Organic Solar-Cell Absorbers from Fill Factor and Thickness},
  author = {Kaienburg, Pascal and Rau, Uwe and Kirchartz, Thomas},
  journal = {Phys. Rev. Applied},
  volume = {6},
  issue = {2},
  pages = {024001},
  numpages = {15},
  year = {2016},
  month = {Aug},
  publisher = {American Physical Society},
  doi = {10.1103/PhysRevApplied.6.024001},
  url = {https://link.aps.org/doi/10.1103/PhysRevApplied.6.024001}
}

@article{neryterrain,
  title={TERRAIN PARAMETERS IN SOLAR RADIATION MODELS},
  author={N{\'E}RY, Fernanda and Matos, Jo{\~a}o},
  journal = {Proceedings of the 14th European Colloquium on Theoretical and Quantitative Geography},
  pages = {23},
  url = {https://www.researchgate.net/publication/237683640_TERRAIN_PARAMETERS_IN_SOLAR_RADIATION_MODELS_An_evaluation_of_algorithms_used_for_the_extraction_of_morphological_parameters_from_digital_elevation_models_and_their_impact_in_solar_radiation_modelling}
}

