@article{doi:10.1063/5.0024737,
author = {RÃ¶hr,Jason A.  and MacKenzie,Roderick CI },
title = {Analytical description of mixed ohmic and space-charge-limited conduction in single-carrier devices},
journal = {Journal of Applied Physics},
volume = {128},
number = {16},
pages = {165701},
year = {2020},
doi = {10.1063/5.0024737}
}

@article{mackenzie2011modeling,
  title={Modeling nongeminate recombination in P3HT: PCBM solar cells},
  author={MacKenzie, Roderick CI and Kirchartz, Thomas and Dibb, George FA and Nelson, Jenny},
  journal={The Journal of Physical Chemistry C},
  volume={115},
  number={19},
  pages={9806--9813},
  year={2011},
  publisher={American Chemical Society}
}

@article{mackenzie2012extracting,
  title={Extracting microscopic device parameters from transient photocurrent measurements of P3HT: PCBM solar cells},
  author={MacKenzie, Roderick CI and Shuttle, Christopher G and Chabinyc, Michael L and Nelson, Jenny},
  journal={Advanced Energy Materials},
  volume={2},
  number={6},
  pages={662--669},
  year={2012},
  publisher={WILEY-VCH Verlag Weinheim}
}


@article{deschler2012increasing,
  title={Increasing organic solar cell efficiency with polymer interlayers},
  author={Deschler, F and Riedel, D and Ecker, Bernhard and Da Como, Enrico and von Hauff, Elizabeth and MacKenzie, Roderick C I},
  journal={Physical Chemistry Chemical Physics},
  year={2012},
  publisher={Royal Society of Chemistry}
}

@article{mackenzie2013interpreting,
  title={Interpreting the density of states extracted from organic solar cells using transient photocurrent measurements},
  author={MacKenzie, Roderick CI and Shuttle, Chris G and Dibb, George F and Treat, Neil and von Hauff, Elizabeth and Robb, Maxwell J and Hawker, Craig J and Chabinyc, Michael L and Nelson, Jenny},
  journal={The Journal of Physical Chemistry C},
  volume={117},
  number={24},
  pages={12407--12414},
  year={2013},
  publisher={American Chemical Society}
}

@article{hanfland2013physical,
  title={The physical meaning of charge extraction by linearly increasing voltage transients from organic solar cells},
  author={Hanfland, Robert and Fischer, Martin A and Br{\"u}tting, Wolfgang and W{\"u}rfel, Uli and MacKenzie, Roderick CI},
  journal={Applied Physics Letters},
  volume={103},
  number={6},
  pages={063904},
  year={2013},
  publisher={American Institute of Physics}
}

@article{tremolet2014linking,
  title={Linking Vertical Bulk-Heterojunction Composition and Transient Photocurrent Dynamics in Organic Solar Cells with Solution-Processed MoOx Contact Layers},
  author={Tremolet de Villers, Bertrand J and MacKenzie, Roderick CI and Jasieniak, Jacek J and Treat, Neil D and Chabinyc, Michael L},
  journal={Advanced Energy Materials},
  volume={4},
  number={5},
  pages={1301290},
  year={2014}
}

@article{mackenzie2014theory,
  title={Theory of Stark spectroscopy transients from thin film organic semiconducting devices},
  author={MacKenzie, Roderick CI and G{\"o}ritz, Anna and Greedy, Steve and von Hauff, Elizabeth and Nelson, Jenny},
  journal={Physical Review B},
  volume={89},
  number={19},
  pages={195307},
  year={2014},
  publisher={American Physical Society}
}


@article{singh2014fullerene,
  title={Fullerene-free organic solar cells with an efficiency of 3.7\% based on a low-cost geometrically planar perylene diimide monomer},
  author={Singh, R and Aluicio-Sarduy, E and Kan, Z and Ye, T and MacKenzie, RCI and Keivanidis, Panagiotis E},
  journal={Journal of Materials Chemistry A},
  volume={2},
  number={35},
  pages={14348--14353},
  year={2014},
  publisher={Royal Society of Chemistry}
}

@article{sims2014investigation,
  title={Investigation of the s-shape caused by the hole selective layer in bulk heterojunction solar cells},
  author={Sims, Lothar and H{\"o}rmann, Ulrich and Hanfland, Robert and MacKenzie, Roderick CI and Kogler, F Ren{\'e} and Steim, Roland and Br{\"u}tting, Wolfgang and Schilinsky, Pavel},
  journal={Organic Electronics},
  volume={15},
  number={11},
  pages={2862--2867},
  year={2014},
  publisher={North-Holland}
}

@article{gao2015engineering,
  title={Engineering ultra long charge carrier lifetimes in organic electronic devices at room temperature},
  author={Gao, Yajun and MacKenzie, Roderick CI and Liu, Yang and Xu, Bin and van Loosdrecht, Paul HM and Tian, Wenjing},
  journal={Advanced Materials Interfaces},
  volume={2},
  number={4},
  pages={1400555},
  year={2015}
}

@article{liu2015organic,
  title={Organic semiconductors with a charge carrier life time of over 2 hours at room temperature},
  author={Liu, Yang and MacKenzie, Roderick CI and Xu, Bin and Gao, Yajun and Gimeno-Fabra, Miquel and Grant, David and van Loosdrecht, Paul HM and Tian, Wenjing},
  journal={Journal of Materials Chemistry C},
  volume={3},
  number={47},
  pages={12260--12266},
  year={2015},
  publisher={Royal Society of Chemistry}
}

@article{mackenzie2016loss,
  title={Loss mechanisms in high efficiency polymer solar cells},
  author={MacKenzie, RCI and Balderrama, VS and Schmeisser, S and Stoof, R and Greedy, S and Pallar{\`e}s, J and Marsal, LF and Chanaewa, A and Von Hauff, E},
  journal={Advanced Energy Materials},
  volume={6},
  number={4},
  pages={1501742},
  year={2016}
}

@article{kan2016charge,
  title={Charge transport control via polymer polymorph modulation in ternary organic photovoltaic composites},
  author={Kan, Zhipeng and Colella, Letizia and Canesi, Eleonora V and Vorobiev, Alexei and Skrypnychuk, Vasyl and Terraneo, Giancarlo and Barbero, David R and Bertarelli, Chiara and MacKenzie, Roderick CI and Keivanidis, Panagiotis E},
  journal={Journal of Materials Chemistry A},
  volume={4},
  number={4},
  pages={1195--1201},
  year={2016},
  publisher={Royal Society of Chemistry}
}

@article{wang2017combining,
  title={Combining plasmonic trap filling and optical backscattering for highly efficient third generation solar cells},
  author={Wang, Chen and Li, Chang and Wen, Shanpeng and Ma, Pengfei and Liu, Yang and MacKenzie, Roderick CI and Tian, Wenjing and Ruan, Shengping},
  journal={Journal of Materials Chemistry A},
  volume={5},
  number={8},
  pages={3995--4002},
  year={2017},
  publisher={Royal Society of Chemistry}
}

@article{lau2017three,
  title={A three-electrode integrated photo-supercapacitor utilizing graphene-based intermediate bifunctional electrode},
  author={Lau, SC and Lim, HN and Ravoof, TBSA and Yaacob, MH and Grant, DM and MacKenzie, RCI and Harrison, I and Huang, NM},
  journal={Electrochimica Acta},
  volume={238},
  pages={178--184},
  year={2017},
  publisher={Pergamon}
}


@article{erwin2018understanding,
  title={Understanding the limits of plasmonic enhancement in organic photovoltaics},
  author={Erwin, William R and MacKenzie, Roderick CI and Bardhan, Rizia},
  journal={The Journal of Physical Chemistry C},
  volume={122},
  number={14},
  pages={7859--7866},
  year={2018},
  publisher={American Chemical Society}
}

@article{mackel2018determination,
  title={Determination of charge-carrier mobility in disordered thin-film solar cells as a function of current density},
  author={M{\"a}ckel, Helmut and MacKenzie, Roderick CI},
  journal={Physical Review Applied},
  volume={9},
  number={3},
  pages={034020},
  year={2018},
  publisher={American Physical Society}
}

@incollection{mackenzie2017organic,
  title={Organic Semiconductors},
  author={MacKenzie, Roderick CI},
  booktitle={Handbook of Optoelectronic Device Modeling and Simulation},
  pages={191--218},
  year={2017},
  publisher={CRC Press}
}

@article{wang2018polyelectrolyte,
  title={Polyelectrolyte interlayers with a broad processing window for high efficiency inverted organic solar cells towards mass production},
  author={Wang, Chen and Li, Chang and MacKenzie, Roderick CI and Wen, Shanpeng and Liu, Yang and Ma, Pengfei and Wang, Ge and Tian, Wenjing and Ruan, Shengping},
  journal={Journal of Materials Chemistry A},
  volume={6},
  number={36},
  pages={17662--17670},
  year={2018},
  publisher={Royal Society of Chemistry}
}

@article{shi2019relating,
  title={Relating chain conformation to the density of states and charge transport in conjugated polymers: The role of the $\beta$-phase in poly (9, 9-dioctylfluorene)},
  author={Shi, Xingyuan and N{\'a}da{\v{z}}dy, Vojtech and Perevedentsev, Aleksandr and Frost, Jarvist M and Wang, Xuhua and von Hauff, Elizabeth and MacKenzie, Roderick CI and Nelson, Jenny and others},
  journal={Physical Review X},
  volume={9},
  number={2},
  pages={021038},
  year={2019},
  publisher={American Physical Society}
}

@article{majeed2020using,
  title={Using Deep Machine Learning to Understand the Physical Performance Bottlenecks in Novel Thin-Film Solar Cells},
  author={Majeed, Nahdia and Saladina, Maria and Krompiec, Michal and Greedy, Steve and Deibel, Carsten and MacKenzie, Roderick CI},
  journal={Advanced Functional Materials},
  volume={30},
  number={7},
  pages={1907259},
  year={2020}
}


@article{gao2015organic,
  title={Organic Electronics: Engineering Ultra Long Charge Carrier Lifetimes in Organic Electronic Devices at Room Temperature (Adv. Mater. Interfaces 4/2015)},
  author={Gao, Yajun and MacKenzie, Roderick CI and Liu, Yang and Xu, Bin and van Loosdrecht, Paul HM and Tian, Wenjing},
  journal={Advanced Materials Interfaces},
  volume={2},
  number={4},
  year={2015}
}

