@@article{#Xi,
 title = "Constructing Desired Vertical Component Distribution Within a PBDB-T:ITIC-M Photoactive Layer via Fine-Tuning the Surface Free Energy of a Titanium Chelate Cathode Buffer Layer",
 DOI = "https://doi.org/10.3389/fchem.2018.00292"
}

@article{#Eg,
 title = "Constructing Desired Vertical Component Distribution Within a PBDB-T:ITIC-M Photoactive Layer via Fine-Tuning the Surface Free Energy of a Titanium Chelate Cathode Buffer Layer",
 DOI = "https://doi.org/10.3389/fchem.2018.00292"
}