@article{ref0
}

@@article{alpha,
 author = "Robin Kerremans, Christina Kaiser, Wei Li, Nasim Zarrabi, Paul Meredithand Ardalan Armin",
 title = "The Optical Constants of Solution-ProcessedSemiconductors—New Challenges with Perovskitesand Non-Fullerene Acceptors",
 journal = "Adv. Optical Mater.",
 volume = "8",
 pages = "2000319",
 DOI = "10.1002/adom.202000319"
}

@article{n,
 author = "Robin Kerremans, Christina Kaiser, Wei Li, Nasim Zarrabi, Paul Meredithand Ardalan Armin",
 title = "The Optical Constants of Solution-ProcessedSemiconductors—New Challenges with Perovskitesand Non-Fullerene Acceptors",
 journal = "Adv. Optical Mater.",
 volume = "8",
 pages = "2000319",
 DOI = "10.1002/adom.202000319"
}