@@article{n,
 author = "Himanshu Shekhar and Nir Tessler ",
 title = "15% enhancement of the photocurrent at the maximum power point of a thin film solar cell",
 journal = "Sustainable Energy Fuels",
 volume = "4",
 pages = "5618-5627",
 year = "2020",
 DOI = "10.1039/D0SE00836B"
}

@article{alpha,
 author = "Himanshu Shekhar and Nir Tessler ",
 title = "15% enhancement of the photocurrent at the maximum power point of a thin film solar cell",
 journal = "Sustainable Energy Fuels",
 volume = "4",
 pages = "5618-5627",
 year = "2020",
 DOI = "10.1039/D0SE00836B"
}